%YAML 1.1
%TAG !u! tag:unity3d.com,2011:
--- !u!1 &5574733756433197932
GameObject:
  m_ObjectHideFlags: 0
  m_CorrespondingSourceObject: {fileID: 0}
  m_PrefabInstance: {fileID: 0}
  m_PrefabAsset: {fileID: 0}
  serializedVersion: 6
  m_Component:
  - component: {fileID: 5574733756433197969}
  - component: {fileID: 5574733756433197968}
  - component: {fileID: 5574733756433197971}
  - component: {fileID: 5574733756433197970}
  - component: {fileID: 5574733756433197933}
  m_Layer: 5
  m_Name: HUD
  m_TagString: Untagged
  m_Icon: {fileID: 0}
  m_NavMeshLayer: 0
  m_StaticEditorFlags: 0
  m_IsActive: 1
--- !u!224 &5574733756433197969
RectTransform:
  m_ObjectHideFlags: 0
  m_CorrespondingSourceObject: {fileID: 0}
  m_PrefabInstance: {fileID: 0}
  m_PrefabAsset: {fileID: 0}
  m_GameObject: {fileID: 5574733756433197932}
  m_LocalRotation: {x: 0, y: 0, z: 0, w: 1}
  m_LocalPosition: {x: 0, y: 0, z: 0}
  m_LocalScale: {x: 0, y: 0, z: 0}
  m_Children:
  - {fileID: 7628289329567284822}
  - {fileID: 195645911565926012}
  - {fileID: 3306517087783671337}
  - {fileID: 4861179483193227940}
  m_Father: {fileID: 0}
  m_RootOrder: 0
  m_LocalEulerAnglesHint: {x: 0, y: 0, z: 0}
  m_AnchorMin: {x: 0, y: 0}
  m_AnchorMax: {x: 0, y: 0}
  m_AnchoredPosition: {x: 0, y: 0}
  m_SizeDelta: {x: 0, y: 0}
  m_Pivot: {x: 0, y: 0}
--- !u!223 &5574733756433197968
Canvas:
  m_ObjectHideFlags: 0
  m_CorrespondingSourceObject: {fileID: 0}
  m_PrefabInstance: {fileID: 0}
  m_PrefabAsset: {fileID: 0}
  m_GameObject: {fileID: 5574733756433197932}
  m_Enabled: 1
  serializedVersion: 3
  m_RenderMode: 0
  m_Camera: {fileID: 0}
  m_PlaneDistance: 100
  m_PixelPerfect: 0
  m_ReceivesEvents: 1
  m_OverrideSorting: 0
  m_OverridePixelPerfect: 0
  m_SortingBucketNormalizedSize: 0
  m_AdditionalShaderChannelsFlag: 25
  m_SortingLayerID: 0
  m_SortingOrder: 0
  m_TargetDisplay: 0
--- !u!114 &5574733756433197971
MonoBehaviour:
  m_ObjectHideFlags: 0
  m_CorrespondingSourceObject: {fileID: 0}
  m_PrefabInstance: {fileID: 0}
  m_PrefabAsset: {fileID: 0}
  m_GameObject: {fileID: 5574733756433197932}
  m_Enabled: 1
  m_EditorHideFlags: 0
  m_Script: {fileID: 11500000, guid: 0cd44c1031e13a943bb63640046fad76, type: 3}
  m_Name: 
  m_EditorClassIdentifier: 
  m_UiScaleMode: 0
  m_ReferencePixelsPerUnit: 100
  m_ScaleFactor: 1
  m_ReferenceResolution: {x: 800, y: 600}
  m_ScreenMatchMode: 0
  m_MatchWidthOrHeight: 0
  m_PhysicalUnit: 3
  m_FallbackScreenDPI: 96
  m_DefaultSpriteDPI: 96
  m_DynamicPixelsPerUnit: 1
--- !u!114 &5574733756433197970
MonoBehaviour:
  m_ObjectHideFlags: 0
  m_CorrespondingSourceObject: {fileID: 0}
  m_PrefabInstance: {fileID: 0}
  m_PrefabAsset: {fileID: 0}
  m_GameObject: {fileID: 5574733756433197932}
  m_Enabled: 1
  m_EditorHideFlags: 0
  m_Script: {fileID: 11500000, guid: dc42784cf147c0c48a680349fa168899, type: 3}
  m_Name: 
  m_EditorClassIdentifier: 
  m_IgnoreReversedGraphics: 1
  m_BlockingObjects: 0
  m_BlockingMask:
    serializedVersion: 2
    m_Bits: 4294967295
--- !u!114 &5574733756433197933
MonoBehaviour:
  m_ObjectHideFlags: 0
  m_CorrespondingSourceObject: {fileID: 0}
  m_PrefabInstance: {fileID: 0}
  m_PrefabAsset: {fileID: 0}
  m_GameObject: {fileID: 5574733756433197932}
  m_Enabled: 1
  m_EditorHideFlags: 0
  m_Script: {fileID: 11500000, guid: 0176a27544c0d4a42a3f0930597233f9, type: 3}
  m_Name: 
  m_EditorClassIdentifier: 
  healthSlider: {fileID: 2409670272862977252}
  manaSlider: {fileID: 4210614672549552053}
  armorSlider: {fileID: 5574733756668139279}
  playerStats: {fileID: 11400000, guid: 88c4b4d4c417f074695cd0e04cc2a7f3, type: 2}
  healthText: {fileID: 3197267041288130299}
  armorText: {fileID: 8264109946410823691}
  manaText: {fileID: 6163286719247623052}
--- !u!1 &6053279887911943767
GameObject:
  m_ObjectHideFlags: 0
  m_CorrespondingSourceObject: {fileID: 0}
  m_PrefabInstance: {fileID: 0}
  m_PrefabAsset: {fileID: 0}
  serializedVersion: 6
  m_Component:
  - component: {fileID: 1109912985229823624}
  - component: {fileID: 1792829588587990798}
  - component: {fileID: 2654544621566775192}
  m_Layer: 0
  m_Name: DarkFill
  m_TagString: Untagged
  m_Icon: {fileID: 0}
  m_NavMeshLayer: 0
  m_StaticEditorFlags: 0
  m_IsActive: 1
--- !u!224 &1109912985229823624
RectTransform:
  m_ObjectHideFlags: 0
  m_CorrespondingSourceObject: {fileID: 0}
  m_PrefabInstance: {fileID: 0}
  m_PrefabAsset: {fileID: 0}
  m_GameObject: {fileID: 6053279887911943767}
  m_LocalRotation: {x: 0, y: 0, z: 0, w: 1}
  m_LocalPosition: {x: 0, y: 0, z: 0}
  m_LocalScale: {x: 1, y: 1, z: 1}
  m_Children: []
  m_Father: {fileID: 4861179483193227940}
  m_RootOrder: 1
  m_LocalEulerAnglesHint: {x: 0, y: 0, z: 0}
  m_AnchorMin: {x: 0.5, y: 0.5}
  m_AnchorMax: {x: 0.5, y: 0.5}
  m_AnchoredPosition: {x: 0, y: -4.2}
  m_SizeDelta: {x: 100, y: 100}
  m_Pivot: {x: 0.5, y: 0.5}
--- !u!222 &1792829588587990798
CanvasRenderer:
  m_ObjectHideFlags: 0
  m_CorrespondingSourceObject: {fileID: 0}
  m_PrefabInstance: {fileID: 0}
  m_PrefabAsset: {fileID: 0}
  m_GameObject: {fileID: 6053279887911943767}
  m_CullTransparentMesh: 0
--- !u!114 &2654544621566775192
MonoBehaviour:
  m_ObjectHideFlags: 0
  m_CorrespondingSourceObject: {fileID: 0}
  m_PrefabInstance: {fileID: 0}
  m_PrefabAsset: {fileID: 0}
  m_GameObject: {fileID: 6053279887911943767}
  m_Enabled: 1
  m_EditorHideFlags: 0
  m_Script: {fileID: 11500000, guid: fe87c0e1cc204ed48ad3b37840f39efc, type: 3}
  m_Name: 
  m_EditorClassIdentifier: 
  m_Material: {fileID: 0}
  m_Color: {r: 0, g: 0, b: 0, a: 0.65882355}
  m_RaycastTarget: 1
  m_Maskable: 1
  m_OnCullStateChanged:
    m_PersistentCalls:
      m_Calls: []
  m_Sprite: {fileID: 21300000, guid: adfdf37c757bc80499340c65c4e55073, type: 3}
  m_Type: 3
  m_PreserveAspect: 0
  m_FillCenter: 1
  m_FillMethod: 1
  m_FillAmount: 0.95
  m_FillClockwise: 1
  m_FillOrigin: 0
  m_UseSpriteMesh: 0
  m_PixelsPerUnitMultiplier: 1
--- !u!1 &6307666894921532775
GameObject:
  m_ObjectHideFlags: 0
  m_CorrespondingSourceObject: {fileID: 0}
  m_PrefabInstance: {fileID: 0}
  m_PrefabAsset: {fileID: 0}
  serializedVersion: 6
  m_Component:
  - component: {fileID: 1447173809256070637}
  - component: {fileID: 7047141937205488162}
  - component: {fileID: 1686934490819702126}
  m_Layer: 0
  m_Name: CooldownText
  m_TagString: Untagged
  m_Icon: {fileID: 0}
  m_NavMeshLayer: 0
  m_StaticEditorFlags: 0
  m_IsActive: 1
--- !u!224 &1447173809256070637
RectTransform:
  m_ObjectHideFlags: 0
  m_CorrespondingSourceObject: {fileID: 0}
  m_PrefabInstance: {fileID: 0}
  m_PrefabAsset: {fileID: 0}
  m_GameObject: {fileID: 6307666894921532775}
  m_LocalRotation: {x: -0, y: -0, z: -0, w: 1}
  m_LocalPosition: {x: 0, y: 0, z: 68.684204}
  m_LocalScale: {x: 1, y: 1, z: 1}
  m_Children: []
  m_Father: {fileID: 4861179483193227940}
  m_RootOrder: 2
  m_LocalEulerAnglesHint: {x: 0, y: 0, z: 0}
  m_AnchorMin: {x: 0.5, y: 0.5}
  m_AnchorMax: {x: 0.5, y: 0.5}
  m_AnchoredPosition: {x: 76.37854, y: -2.854004}
  m_SizeDelta: {x: 200, y: 50}
  m_Pivot: {x: 0.5, y: 0.5}
--- !u!222 &7047141937205488162
CanvasRenderer:
  m_ObjectHideFlags: 0
  m_CorrespondingSourceObject: {fileID: 0}
  m_PrefabInstance: {fileID: 0}
  m_PrefabAsset: {fileID: 0}
  m_GameObject: {fileID: 6307666894921532775}
  m_CullTransparentMesh: 0
--- !u!114 &1686934490819702126
MonoBehaviour:
  m_ObjectHideFlags: 0
  m_CorrespondingSourceObject: {fileID: 0}
  m_PrefabInstance: {fileID: 0}
  m_PrefabAsset: {fileID: 0}
  m_GameObject: {fileID: 6307666894921532775}
  m_Enabled: 1
  m_EditorHideFlags: 0
  m_Script: {fileID: 11500000, guid: f4688fdb7df04437aeb418b961361dc5, type: 3}
  m_Name: 
  m_EditorClassIdentifier: 
  m_Material: {fileID: 0}
  m_Color: {r: 1, g: 1, b: 1, a: 1}
  m_RaycastTarget: 1
  m_Maskable: 1
  m_OnCullStateChanged:
    m_PersistentCalls:
      m_Calls: []
  m_text: 0
  m_isRightToLeft: 0
  m_fontAsset: {fileID: 11400000, guid: 8f586378b4e144a9851e7b34d9b748ee, type: 2}
  m_sharedMaterial: {fileID: 2180264, guid: 8f586378b4e144a9851e7b34d9b748ee, type: 2}
  m_fontSharedMaterials: []
  m_fontMaterial: {fileID: 0}
  m_fontMaterials: []
  m_fontColor32:
    serializedVersion: 2
    rgba: 4294967295
  m_fontColor: {r: 1, g: 1, b: 1, a: 1}
  m_enableVertexGradient: 0
  m_colorMode: 3
  m_fontColorGradient:
    topLeft: {r: 1, g: 1, b: 1, a: 1}
    topRight: {r: 1, g: 1, b: 1, a: 1}
    bottomLeft: {r: 1, g: 1, b: 1, a: 1}
    bottomRight: {r: 1, g: 1, b: 1, a: 1}
  m_fontColorGradientPreset: {fileID: 0}
  m_spriteAsset: {fileID: 0}
  m_tintAllSprites: 0
  m_StyleSheet: {fileID: 0}
  m_TextStyleHashCode: -1183493901
  m_overrideHtmlColors: 0
  m_faceColor:
    serializedVersion: 2
    rgba: 4294967295
  m_fontSize: 36
  m_fontSizeBase: 36
  m_fontWeight: 400
  m_enableAutoSizing: 0
  m_fontSizeMin: 18
  m_fontSizeMax: 72
  m_fontStyle: 0
  m_HorizontalAlignment: 2
  m_VerticalAlignment: 512
  m_textAlignment: 65535
  m_characterSpacing: 0
  m_wordSpacing: 0
  m_lineSpacing: 0
  m_lineSpacingMax: 0
  m_paragraphSpacing: 0
  m_charWidthMaxAdj: 0
  m_enableWordWrapping: 1
  m_wordWrappingRatios: 0.4
  m_overflowMode: 0
  m_linkedTextComponent: {fileID: 0}
  parentLinkedComponent: {fileID: 0}
  m_enableKerning: 1
  m_enableExtraPadding: 0
  checkPaddingRequired: 0
  m_isRichText: 1
  m_parseCtrlCharacters: 1
  m_isOrthographic: 1
  m_isCullingEnabled: 0
  m_horizontalMapping: 0
  m_verticalMapping: 0
  m_uvLineOffset: 0
  m_geometrySortingOrder: 0
  m_IsTextObjectScaleStatic: 0
  m_VertexBufferAutoSizeReduction: 1
  m_useMaxVisibleDescender: 1
  m_pageToDisplay: 1
  m_margin: {x: 0, y: 0, z: 153.95532, w: 0}
  m_isUsingLegacyAnimationComponent: 0
  m_isVolumetricText: 0
  m_hasFontAssetChanged: 0
  m_baseMaterial: {fileID: 0}
  m_maskOffset: {x: 0, y: 0, z: 0, w: 0}
--- !u!1 &6974318951534940392
GameObject:
  m_ObjectHideFlags: 0
  m_CorrespondingSourceObject: {fileID: 0}
  m_PrefabInstance: {fileID: 0}
  m_PrefabAsset: {fileID: 0}
  serializedVersion: 6
  m_Component:
  - component: {fileID: 4861179483193227940}
  m_Layer: 0
  m_Name: StompHolder
  m_TagString: Untagged
  m_Icon: {fileID: 0}
  m_NavMeshLayer: 0
  m_StaticEditorFlags: 0
  m_IsActive: 0
--- !u!4 &4861179483193227940
Transform:
  m_ObjectHideFlags: 0
  m_CorrespondingSourceObject: {fileID: 0}
  m_PrefabInstance: {fileID: 0}
  m_PrefabAsset: {fileID: 0}
  m_GameObject: {fileID: 6974318951534940392}
  m_LocalRotation: {x: -0, y: -0, z: -0, w: 1}
  m_LocalPosition: {x: 690, y: -385.6, z: -68.684204}
  m_LocalScale: {x: 1, y: 1, z: 1}
  m_Children:
  - {fileID: 6364683169647359905}
  - {fileID: 1109912985229823624}
  - {fileID: 1447173809256070637}
  m_Father: {fileID: 5574733756433197969}
  m_RootOrder: 3
  m_LocalEulerAnglesHint: {x: 0, y: 0, z: 0}
--- !u!1 &8858440308894708225
GameObject:
  m_ObjectHideFlags: 0
  m_CorrespondingSourceObject: {fileID: 0}
  m_PrefabInstance: {fileID: 0}
  m_PrefabAsset: {fileID: 0}
  serializedVersion: 6
  m_Component:
  - component: {fileID: 6364683169647359905}
  - component: {fileID: 887681644714274289}
  - component: {fileID: 8461235835109419482}
  m_Layer: 5
  m_Name: Stomp
  m_TagString: Untagged
  m_Icon: {fileID: 0}
  m_NavMeshLayer: 0
  m_StaticEditorFlags: 0
  m_IsActive: 1
--- !u!224 &6364683169647359905
RectTransform:
  m_ObjectHideFlags: 0
  m_CorrespondingSourceObject: {fileID: 0}
  m_PrefabInstance: {fileID: 0}
  m_PrefabAsset: {fileID: 0}
  m_GameObject: {fileID: 8858440308894708225}
  m_LocalRotation: {x: -0, y: -0, z: -0, w: 1}
  m_LocalPosition: {x: 0, y: 0, z: 68.684204}
  m_LocalScale: {x: 1, y: 1, z: 1}
  m_Children: []
  m_Father: {fileID: 4861179483193227940}
  m_RootOrder: 0
  m_LocalEulerAnglesHint: {x: 0, y: 0, z: 0}
  m_AnchorMin: {x: 0.5, y: 0.5}
  m_AnchorMax: {x: 0.5, y: 0.5}
  m_AnchoredPosition: {x: 0, y: -4.2244873}
  m_SizeDelta: {x: 100, y: 100}
  m_Pivot: {x: 0.5, y: 0.5}
--- !u!222 &887681644714274289
CanvasRenderer:
  m_ObjectHideFlags: 0
  m_CorrespondingSourceObject: {fileID: 0}
  m_PrefabInstance: {fileID: 0}
  m_PrefabAsset: {fileID: 0}
  m_GameObject: {fileID: 8858440308894708225}
  m_CullTransparentMesh: 0
--- !u!114 &8461235835109419482
MonoBehaviour:
  m_ObjectHideFlags: 0
  m_CorrespondingSourceObject: {fileID: 0}
  m_PrefabInstance: {fileID: 0}
  m_PrefabAsset: {fileID: 0}
  m_GameObject: {fileID: 8858440308894708225}
  m_Enabled: 1
  m_EditorHideFlags: 0
  m_Script: {fileID: 11500000, guid: fe87c0e1cc204ed48ad3b37840f39efc, type: 3}
  m_Name: 
  m_EditorClassIdentifier: 
  m_Material: {fileID: 0}
  m_Color: {r: 1, g: 1, b: 1, a: 1}
  m_RaycastTarget: 1
  m_Maskable: 1
  m_OnCullStateChanged:
    m_PersistentCalls:
      m_Calls: []
  m_Sprite: {fileID: 21300000, guid: 404a54ac5f642f1418165a90d36387f9, type: 3}
  m_Type: 0
  m_PreserveAspect: 0
  m_FillCenter: 1
  m_FillMethod: 4
  m_FillAmount: 1
  m_FillClockwise: 1
  m_FillOrigin: 0
  m_UseSpriteMesh: 0
  m_PixelsPerUnitMultiplier: 1
--- !u!1001 &688681006230551898
PrefabInstance:
  m_ObjectHideFlags: 0
  serializedVersion: 2
  m_Modification:
    m_TransformParent: {fileID: 5574733756433197969}
    m_Modifications:
    - target: {fileID: 808885769976070950, guid: e3dac2756cb1370478e5e4e184039c85,
        type: 3}
      propertyPath: m_LocalPosition.x
      value: 0
      objectReference: {fileID: 0}
    - target: {fileID: 808885769976070950, guid: e3dac2756cb1370478e5e4e184039c85,
        type: 3}
      propertyPath: m_LocalPosition.y
      value: 0
      objectReference: {fileID: 0}
    - target: {fileID: 808885769976070950, guid: e3dac2756cb1370478e5e4e184039c85,
        type: 3}
      propertyPath: m_LocalPosition.z
      value: 0
      objectReference: {fileID: 0}
    - target: {fileID: 808885769976070950, guid: e3dac2756cb1370478e5e4e184039c85,
        type: 3}
      propertyPath: m_LocalRotation.x
      value: 0
      objectReference: {fileID: 0}
    - target: {fileID: 808885769976070950, guid: e3dac2756cb1370478e5e4e184039c85,
        type: 3}
      propertyPath: m_LocalRotation.y
      value: 0
      objectReference: {fileID: 0}
    - target: {fileID: 808885769976070950, guid: e3dac2756cb1370478e5e4e184039c85,
        type: 3}
      propertyPath: m_LocalRotation.z
      value: 0
      objectReference: {fileID: 0}
    - target: {fileID: 808885769976070950, guid: e3dac2756cb1370478e5e4e184039c85,
        type: 3}
      propertyPath: m_LocalRotation.w
      value: 1
      objectReference: {fileID: 0}
    - target: {fileID: 808885769976070950, guid: e3dac2756cb1370478e5e4e184039c85,
        type: 3}
      propertyPath: m_RootOrder
      value: 1
      objectReference: {fileID: 0}
    - target: {fileID: 808885769976070950, guid: e3dac2756cb1370478e5e4e184039c85,
        type: 3}
      propertyPath: m_LocalEulerAnglesHint.x
      value: 0
      objectReference: {fileID: 0}
    - target: {fileID: 808885769976070950, guid: e3dac2756cb1370478e5e4e184039c85,
        type: 3}
      propertyPath: m_LocalEulerAnglesHint.y
      value: 0
      objectReference: {fileID: 0}
    - target: {fileID: 808885769976070950, guid: e3dac2756cb1370478e5e4e184039c85,
        type: 3}
      propertyPath: m_LocalEulerAnglesHint.z
      value: 0
      objectReference: {fileID: 0}
    - target: {fileID: 808885769976070950, guid: e3dac2756cb1370478e5e4e184039c85,
        type: 3}
      propertyPath: m_AnchoredPosition.x
      value: -572.02
      objectReference: {fileID: 0}
    - target: {fileID: 808885769976070950, guid: e3dac2756cb1370478e5e4e184039c85,
        type: 3}
      propertyPath: m_AnchoredPosition.y
      value: -349.9
      objectReference: {fileID: 0}
    - target: {fileID: 808885769976070950, guid: e3dac2756cb1370478e5e4e184039c85,
        type: 3}
      propertyPath: m_SizeDelta.x
      value: 577.9216
      objectReference: {fileID: 0}
    - target: {fileID: 808885769976070950, guid: e3dac2756cb1370478e5e4e184039c85,
        type: 3}
      propertyPath: m_SizeDelta.y
      value: 15.986328
      objectReference: {fileID: 0}
    - target: {fileID: 808885769976070950, guid: e3dac2756cb1370478e5e4e184039c85,
        type: 3}
      propertyPath: m_AnchorMin.x
      value: 0.5
      objectReference: {fileID: 0}
    - target: {fileID: 808885769976070950, guid: e3dac2756cb1370478e5e4e184039c85,
        type: 3}
      propertyPath: m_AnchorMin.y
      value: 0.5
      objectReference: {fileID: 0}
    - target: {fileID: 808885769976070950, guid: e3dac2756cb1370478e5e4e184039c85,
        type: 3}
      propertyPath: m_AnchorMax.x
      value: 0.5
      objectReference: {fileID: 0}
    - target: {fileID: 808885769976070950, guid: e3dac2756cb1370478e5e4e184039c85,
        type: 3}
      propertyPath: m_AnchorMax.y
      value: 0.5
      objectReference: {fileID: 0}
    - target: {fileID: 808885769976070950, guid: e3dac2756cb1370478e5e4e184039c85,
        type: 3}
      propertyPath: m_Pivot.x
      value: 0.5
      objectReference: {fileID: 0}
    - target: {fileID: 808885769976070950, guid: e3dac2756cb1370478e5e4e184039c85,
        type: 3}
      propertyPath: m_Pivot.y
      value: 0.5
      objectReference: {fileID: 0}
    - target: {fileID: 2953923616887639382, guid: e3dac2756cb1370478e5e4e184039c85,
        type: 3}
      propertyPath: m_AnchorMax.x
      value: 0
      objectReference: {fileID: 0}
    - target: {fileID: 2953923616887639382, guid: e3dac2756cb1370478e5e4e184039c85,
        type: 3}
      propertyPath: m_AnchorMax.y
      value: 0
      objectReference: {fileID: 0}
    - target: {fileID: 7169343960672620805, guid: e3dac2756cb1370478e5e4e184039c85,
        type: 3}
      propertyPath: m_Name
      value: ArmorHolder
      objectReference: {fileID: 0}
    m_RemovedComponents: []
  m_SourcePrefab: {fileID: 100100000, guid: e3dac2756cb1370478e5e4e184039c85, type: 3}
--- !u!224 &195645911565926012 stripped
RectTransform:
  m_CorrespondingSourceObject: {fileID: 808885769976070950, guid: e3dac2756cb1370478e5e4e184039c85,
    type: 3}
  m_PrefabInstance: {fileID: 688681006230551898}
  m_PrefabAsset: {fileID: 0}
--- !u!114 &5574733756668139279 stripped
MonoBehaviour:
  m_CorrespondingSourceObject: {fileID: 4959520272194169429, guid: e3dac2756cb1370478e5e4e184039c85,
    type: 3}
  m_PrefabInstance: {fileID: 688681006230551898}
  m_PrefabAsset: {fileID: 0}
  m_GameObject: {fileID: 0}
  m_Enabled: 1
  m_EditorHideFlags: 0
  m_Script: {fileID: 11500000, guid: 67db9e8f0e2ae9c40bc1e2b64352a6b4, type: 3}
  m_Name: 
  m_EditorClassIdentifier: 
--- !u!114 &8264109946410823691 stripped
MonoBehaviour:
  m_CorrespondingSourceObject: {fileID: 8880724150175976785, guid: e3dac2756cb1370478e5e4e184039c85,
    type: 3}
  m_PrefabInstance: {fileID: 688681006230551898}
  m_PrefabAsset: {fileID: 0}
  m_GameObject: {fileID: 0}
  m_Enabled: 1
  m_EditorHideFlags: 0
  m_Script: {fileID: 11500000, guid: f4688fdb7df04437aeb418b961361dc5, type: 3}
  m_Name: 
  m_EditorClassIdentifier: 
--- !u!1001 &1845095970423727336
PrefabInstance:
  m_ObjectHideFlags: 0
  serializedVersion: 2
  m_Modification:
    m_TransformParent: {fileID: 5574733756433197969}
    m_Modifications:
    - target: {fileID: 6108701691824996111, guid: 7a19574b95123c842af74a8b4997eda5,
        type: 3}
      propertyPath: m_AnchorMax.x
      value: 0
      objectReference: {fileID: 0}
    - target: {fileID: 6108701691824996111, guid: 7a19574b95123c842af74a8b4997eda5,
        type: 3}
      propertyPath: m_AnchorMax.y
      value: 0
      objectReference: {fileID: 0}
    - target: {fileID: 8090217247103965886, guid: 7a19574b95123c842af74a8b4997eda5,
        type: 3}
      propertyPath: m_LocalPosition.x
      value: 0
      objectReference: {fileID: 0}
    - target: {fileID: 8090217247103965886, guid: 7a19574b95123c842af74a8b4997eda5,
        type: 3}
      propertyPath: m_LocalPosition.y
      value: 0
      objectReference: {fileID: 0}
    - target: {fileID: 8090217247103965886, guid: 7a19574b95123c842af74a8b4997eda5,
        type: 3}
      propertyPath: m_LocalPosition.z
      value: 0
      objectReference: {fileID: 0}
    - target: {fileID: 8090217247103965886, guid: 7a19574b95123c842af74a8b4997eda5,
        type: 3}
      propertyPath: m_LocalRotation.x
      value: 0
      objectReference: {fileID: 0}
    - target: {fileID: 8090217247103965886, guid: 7a19574b95123c842af74a8b4997eda5,
        type: 3}
      propertyPath: m_LocalRotation.y
      value: 0
      objectReference: {fileID: 0}
    - target: {fileID: 8090217247103965886, guid: 7a19574b95123c842af74a8b4997eda5,
        type: 3}
      propertyPath: m_LocalRotation.z
      value: 0
      objectReference: {fileID: 0}
    - target: {fileID: 8090217247103965886, guid: 7a19574b95123c842af74a8b4997eda5,
        type: 3}
      propertyPath: m_LocalRotation.w
      value: 1
      objectReference: {fileID: 0}
    - target: {fileID: 8090217247103965886, guid: 7a19574b95123c842af74a8b4997eda5,
        type: 3}
      propertyPath: m_RootOrder
      value: 0
      objectReference: {fileID: 0}
    - target: {fileID: 8090217247103965886, guid: 7a19574b95123c842af74a8b4997eda5,
        type: 3}
      propertyPath: m_LocalEulerAnglesHint.x
      value: 0
      objectReference: {fileID: 0}
    - target: {fileID: 8090217247103965886, guid: 7a19574b95123c842af74a8b4997eda5,
        type: 3}
      propertyPath: m_LocalEulerAnglesHint.y
      value: 0
      objectReference: {fileID: 0}
    - target: {fileID: 8090217247103965886, guid: 7a19574b95123c842af74a8b4997eda5,
        type: 3}
      propertyPath: m_LocalEulerAnglesHint.z
      value: 0
      objectReference: {fileID: 0}
    - target: {fileID: 8090217247103965886, guid: 7a19574b95123c842af74a8b4997eda5,
        type: 3}
      propertyPath: m_AnchoredPosition.x
      value: -610.4
      objectReference: {fileID: 0}
    - target: {fileID: 8090217247103965886, guid: 7a19574b95123c842af74a8b4997eda5,
        type: 3}
      propertyPath: m_AnchoredPosition.y
      value: -411
      objectReference: {fileID: 0}
    - target: {fileID: 8090217247103965886, guid: 7a19574b95123c842af74a8b4997eda5,
        type: 3}
      propertyPath: m_SizeDelta.x
      value: 501.1684
      objectReference: {fileID: 0}
    - target: {fileID: 8090217247103965886, guid: 7a19574b95123c842af74a8b4997eda5,
        type: 3}
      propertyPath: m_SizeDelta.y
      value: 50
      objectReference: {fileID: 0}
    - target: {fileID: 8090217247103965886, guid: 7a19574b95123c842af74a8b4997eda5,
        type: 3}
      propertyPath: m_AnchorMin.x
      value: 0.5
      objectReference: {fileID: 0}
    - target: {fileID: 8090217247103965886, guid: 7a19574b95123c842af74a8b4997eda5,
        type: 3}
      propertyPath: m_AnchorMin.y
      value: 0.5
      objectReference: {fileID: 0}
    - target: {fileID: 8090217247103965886, guid: 7a19574b95123c842af74a8b4997eda5,
        type: 3}
      propertyPath: m_AnchorMax.x
      value: 0.5
      objectReference: {fileID: 0}
    - target: {fileID: 8090217247103965886, guid: 7a19574b95123c842af74a8b4997eda5,
        type: 3}
      propertyPath: m_AnchorMax.y
      value: 0.5
      objectReference: {fileID: 0}
    - target: {fileID: 8090217247103965886, guid: 7a19574b95123c842af74a8b4997eda5,
        type: 3}
      propertyPath: m_Pivot.x
      value: 0.5
      objectReference: {fileID: 0}
    - target: {fileID: 8090217247103965886, guid: 7a19574b95123c842af74a8b4997eda5,
        type: 3}
      propertyPath: m_Pivot.y
      value: 0.5
      objectReference: {fileID: 0}
    - target: {fileID: 8423401834148952385, guid: 7a19574b95123c842af74a8b4997eda5,
        type: 3}
      propertyPath: m_Name
      value: HealthHolder
      objectReference: {fileID: 0}
    m_RemovedComponents: []
  m_SourcePrefab: {fileID: 100100000, guid: 7a19574b95123c842af74a8b4997eda5, type: 3}
--- !u!224 &7628289329567284822 stripped
RectTransform:
  m_CorrespondingSourceObject: {fileID: 8090217247103965886, guid: 7a19574b95123c842af74a8b4997eda5,
    type: 3}
  m_PrefabInstance: {fileID: 1845095970423727336}
  m_PrefabAsset: {fileID: 0}
--- !u!114 &3197267041288130299 stripped
MonoBehaviour:
  m_CorrespondingSourceObject: {fileID: 3874749814480005651, guid: 7a19574b95123c842af74a8b4997eda5,
    type: 3}
  m_PrefabInstance: {fileID: 1845095970423727336}
  m_PrefabAsset: {fileID: 0}
  m_GameObject: {fileID: 0}
  m_Enabled: 1
  m_EditorHideFlags: 0
  m_Script: {fileID: 11500000, guid: f4688fdb7df04437aeb418b961361dc5, type: 3}
  m_Name: 
  m_EditorClassIdentifier: 
--- !u!114 &2409670272862977252 stripped
MonoBehaviour:
  m_CorrespondingSourceObject: {fileID: 4101591079211276300, guid: 7a19574b95123c842af74a8b4997eda5,
    type: 3}
  m_PrefabInstance: {fileID: 1845095970423727336}
  m_PrefabAsset: {fileID: 0}
  m_GameObject: {fileID: 0}
  m_Enabled: 1
  m_EditorHideFlags: 0
  m_Script: {fileID: 11500000, guid: 67db9e8f0e2ae9c40bc1e2b64352a6b4, type: 3}
  m_Name: 
  m_EditorClassIdentifier: 
--- !u!1001 &2958606798684586939
PrefabInstance:
  m_ObjectHideFlags: 0
  serializedVersion: 2
  m_Modification:
    m_TransformParent: {fileID: 5574733756433197969}
    m_Modifications:
    - target: {fileID: 354674896971519378, guid: fe73a78d755e379448be0a4b5d20be0f,
        type: 3}
      propertyPath: m_LocalPosition.x
      value: 0
      objectReference: {fileID: 0}
    - target: {fileID: 354674896971519378, guid: fe73a78d755e379448be0a4b5d20be0f,
        type: 3}
      propertyPath: m_LocalPosition.y
      value: 0
      objectReference: {fileID: 0}
    - target: {fileID: 354674896971519378, guid: fe73a78d755e379448be0a4b5d20be0f,
        type: 3}
      propertyPath: m_LocalPosition.z
      value: 0
      objectReference: {fileID: 0}
    - target: {fileID: 354674896971519378, guid: fe73a78d755e379448be0a4b5d20be0f,
        type: 3}
      propertyPath: m_LocalRotation.x
      value: 0
      objectReference: {fileID: 0}
    - target: {fileID: 354674896971519378, guid: fe73a78d755e379448be0a4b5d20be0f,
        type: 3}
      propertyPath: m_LocalRotation.y
      value: 0
      objectReference: {fileID: 0}
    - target: {fileID: 354674896971519378, guid: fe73a78d755e379448be0a4b5d20be0f,
        type: 3}
      propertyPath: m_LocalRotation.z
      value: 0
      objectReference: {fileID: 0}
    - target: {fileID: 354674896971519378, guid: fe73a78d755e379448be0a4b5d20be0f,
        type: 3}
      propertyPath: m_LocalRotation.w
      value: 1
      objectReference: {fileID: 0}
    - target: {fileID: 354674896971519378, guid: fe73a78d755e379448be0a4b5d20be0f,
        type: 3}
      propertyPath: m_RootOrder
      value: 2
      objectReference: {fileID: 0}
    - target: {fileID: 354674896971519378, guid: fe73a78d755e379448be0a4b5d20be0f,
        type: 3}
      propertyPath: m_LocalEulerAnglesHint.x
      value: 0
      objectReference: {fileID: 0}
    - target: {fileID: 354674896971519378, guid: fe73a78d755e379448be0a4b5d20be0f,
        type: 3}
      propertyPath: m_LocalEulerAnglesHint.y
      value: 0
      objectReference: {fileID: 0}
    - target: {fileID: 354674896971519378, guid: fe73a78d755e379448be0a4b5d20be0f,
        type: 3}
      propertyPath: m_LocalEulerAnglesHint.z
      value: 0
      objectReference: {fileID: 0}
    - target: {fileID: 354674896971519378, guid: fe73a78d755e379448be0a4b5d20be0f,
        type: 3}
      propertyPath: m_AnchoredPosition.x
      value: -611.3796
      objectReference: {fileID: 0}
    - target: {fileID: 354674896971519378, guid: fe73a78d755e379448be0a4b5d20be0f,
        type: 3}
      propertyPath: m_AnchoredPosition.y
      value: -477.25
      objectReference: {fileID: 0}
    - target: {fileID: 354674896971519378, guid: fe73a78d755e379448be0a4b5d20be0f,
        type: 3}
      propertyPath: m_SizeDelta.x
      value: 499.24084
      objectReference: {fileID: 0}
    - target: {fileID: 354674896971519378, guid: fe73a78d755e379448be0a4b5d20be0f,
        type: 3}
      propertyPath: m_SizeDelta.y
      value: 47.5
      objectReference: {fileID: 0}
    - target: {fileID: 354674896971519378, guid: fe73a78d755e379448be0a4b5d20be0f,
        type: 3}
      propertyPath: m_AnchorMin.x
      value: 0.5
      objectReference: {fileID: 0}
    - target: {fileID: 354674896971519378, guid: fe73a78d755e379448be0a4b5d20be0f,
        type: 3}
      propertyPath: m_AnchorMin.y
      value: 0.5
      objectReference: {fileID: 0}
    - target: {fileID: 354674896971519378, guid: fe73a78d755e379448be0a4b5d20be0f,
        type: 3}
      propertyPath: m_AnchorMax.x
      value: 0.5
      objectReference: {fileID: 0}
    - target: {fileID: 354674896971519378, guid: fe73a78d755e379448be0a4b5d20be0f,
        type: 3}
      propertyPath: m_AnchorMax.y
      value: 0.5
      objectReference: {fileID: 0}
    - target: {fileID: 354674896971519378, guid: fe73a78d755e379448be0a4b5d20be0f,
        type: 3}
      propertyPath: m_Pivot.x
      value: 0.5
      objectReference: {fileID: 0}
    - target: {fileID: 354674896971519378, guid: fe73a78d755e379448be0a4b5d20be0f,
        type: 3}
      propertyPath: m_Pivot.y
      value: 0.5
      objectReference: {fileID: 0}
    - target: {fileID: 1633151720544548343, guid: fe73a78d755e379448be0a4b5d20be0f,
        type: 3}
      propertyPath: m_Name
      value: ManaHolder
      objectReference: {fileID: 0}
    - target: {fileID: 6145057357398156917, guid: fe73a78d755e379448be0a4b5d20be0f,
        type: 3}
      propertyPath: m_AnchorMax.x
      value: 0
      objectReference: {fileID: 0}
    - target: {fileID: 6145057357398156917, guid: fe73a78d755e379448be0a4b5d20be0f,
        type: 3}
      propertyPath: m_AnchorMax.y
      value: 0
      objectReference: {fileID: 0}
    m_RemovedComponents: []
  m_SourcePrefab: {fileID: 100100000, guid: fe73a78d755e379448be0a4b5d20be0f, type: 3}
--- !u!224 &3306517087783671337 stripped
RectTransform:
  m_CorrespondingSourceObject: {fileID: 354674896971519378, guid: fe73a78d755e379448be0a4b5d20be0f,
    type: 3}
  m_PrefabInstance: {fileID: 2958606798684586939}
  m_PrefabAsset: {fileID: 0}
--- !u!114 &4210614672549552053 stripped
MonoBehaviour:
  m_CorrespondingSourceObject: {fileID: 1396131866645077006, guid: fe73a78d755e379448be0a4b5d20be0f,
    type: 3}
  m_PrefabInstance: {fileID: 2958606798684586939}
  m_PrefabAsset: {fileID: 0}
  m_GameObject: {fileID: 0}
  m_Enabled: 1
  m_EditorHideFlags: 0
  m_Script: {fileID: 11500000, guid: 67db9e8f0e2ae9c40bc1e2b64352a6b4, type: 3}
  m_Name: 
  m_EditorClassIdentifier: 
--- !u!114 &6163286719247623052 stripped
MonoBehaviour:
  m_CorrespondingSourceObject: {fileID: 8973265751545061431, guid: fe73a78d755e379448be0a4b5d20be0f,
    type: 3}
  m_PrefabInstance: {fileID: 2958606798684586939}
  m_PrefabAsset: {fileID: 0}
  m_GameObject: {fileID: 0}
  m_Enabled: 1
  m_EditorHideFlags: 0
  m_Script: {fileID: 11500000, guid: f4688fdb7df04437aeb418b961361dc5, type: 3}
  m_Name: 
  m_EditorClassIdentifier: 
